@misc{wu2022texttotablenewwayinformation,
      title={Text-to-Table: A New Way of Information Extraction}, 
      author={Xueqing Wu and Jiacheng Zhang and Hang Li},
      year={2022},
      eprint={2109.02707},
      archivePrefix={arXiv},
      primaryClass={cs.CL},
      url={https://arxiv.org/abs/2109.02707}, 
}

@article{raffel2020exploring,
  title={Exploring the limits of transfer learning with a unified text-to-text transformer},
  author={Raffel, Colin and Shazeer, Noam and Roberts, Adam and Lee, Katherine and Narang, Sharan and Matena, Michael and Zhou, Yanqi and Li, Wei and Liu, Peter J},
  journal={Journal of machine learning research},
  volume={21},
  number={140},
  pages={1--67},
  year={2020}
}

@article{chung2024scaling,
  title={Scaling instruction-finetuned language models},
  author={Chung, Hyung Won and Hou, Le and Longpre, Shayne and Zoph, Barret and Tay, Yi and Fedus, William and Li, Yunxuan and Wang, Xuezhi and Dehghani, Mostafa and Brahma, Siddhartha and others},
  journal={Journal of Machine Learning Research},
  volume={25},
  number={70},
  pages={1--53},
  year={2024}
}

@article{warner2024smarter,
  title={Smarter, better, faster, longer: A modern bidirectional encoder for fast, memory efficient, and long context finetuning and inference},
  author={Warner, Benjamin and Chaffin, Antoine and Clavi{\'e}, Benjamin and Weller, Orion and Hallstr{\"o}m, Oskar and Taghadouini, Said and Gallagher, Alexis and Biswas, Raja and Ladhak, Faisal and Aarsen, Tom and others},
  journal={arXiv preprint arXiv:2412.13663},
  year={2024}
}

@article{lewis2019bart,
  title={Bart: Denoising sequence-to-sequence pre-training for natural language generation, translation, and comprehension},
  author={Lewis, Mike},
  journal={arXiv preprint arXiv:1910.13461},
  year={2019}
}